<?xml version="1.0" encoding="UTF-8" ?>
<collection xmlns:xsi="http://www.w3.org/2001/XMLSchema-instance" xsi:schemaLocation="http://www.loc.gov/MARC21/slim http://www.loc.gov/standards/marcxml/schema/MARC21slim.xsd" xmlns="http://www.loc.gov/MARC21/slim">
   <record>
      <leader>     cam a22     I  4500</leader>
      <controlfield tag="001">4741199</controlfield>
      <controlfield tag="003">NIC</controlfield>
      <controlfield tag="005">20141227131607.0</controlfield>
      <controlfield tag="008">890916s1969    iq a     b    000 0 arao </controlfield>
      <datafield tag="010" ind1=" " ind2=" ">
         <subfield code="a">   70962309 </subfield>
      </datafield>
      <datafield tag="035" ind1=" " ind2=" ">
         <subfield code="a">(OCoLC)23499334</subfield>
      </datafield>
      <datafield tag="035" ind1=" " ind2=" ">
         <subfield code="a">4741199</subfield>
      </datafield>
      <datafield tag="040" ind1=" " ind2=" ">
         <subfield code="a">DLC</subfield>
         <subfield code="c">EYM</subfield>
         <subfield code="d">OCLCQ</subfield>
         <subfield code="d">CGU</subfield>
         <subfield code="d">NIC</subfield>
      </datafield>
      <datafield tag="050" ind1=" " ind2="4">
         <subfield code="a">HC 498</subfield>
         <subfield code="b">.M985 1969</subfield>
      </datafield>
      <datafield tag="111" ind1="2" ind2=" ">
         <subfield code="a">Muʾtamar al-Iqtiṣādīyīn al-ʻArab</subfield>
         <subfield code="n">(2nd :</subfield>
         <subfield code="d">1969 :</subfield>
         <subfield code="c">Bagdad)</subfield>
      </datafield>
      <datafield tag="245" ind1="1" ind2="0">
         <subfield code="a">Aʻmāl Muʾtamar al-Iqtiṣādīyīn al-ʻArab al-Thānī, Baghdād 8-13 Adhār /Māris 1969.</subfield>
      </datafield>
      <datafield tag="260" ind1=" " ind2=" ">
         <subfield code="a">Bahgdād :</subfield>
         <subfield code="b">Maṭbaʻat al-Ḥukūmah,</subfield>
         <subfield code="c">1969.</subfield>
      </datafield>
      <datafield tag="300" ind1=" " ind2=" ">
         <subfield code="a">709 p.</subfield>
         <subfield code="b">1 illus.</subfield>
         <subfield code="c">24 cm.</subfield>
      </datafield>
      <datafield tag="490" ind1="1" ind2=" ">
         <subfield code="a">Manshūrāt Ittiḥād al-Iqtiṣādīyīn al-ʻArab.</subfield>
      </datafield>
      <datafield tag="500" ind1=" " ind2=" ">
         <subfield code="a">At head of title : Ittiạ̄d al-Iqtiṣādīyīn al-ʻArab. al-Amānah al-ʻĀmmah.</subfield>
      </datafield>
      <datafield tag="504" ind1=" " ind2=" ">
         <subfield code="a">Includes bibliographical references.</subfield>
      </datafield>
      <datafield tag="651" ind1=" " ind2="0">
         <subfield code="a">Arab countries</subfield>
         <subfield code="x">Economic conditions.</subfield>
      </datafield>
      <datafield tag="650" ind1=" " ind2="7">
         <subfield code="a">Economic history</subfield>
         <subfield code="2">fast</subfield>
         <subfield code="0">(OCoLC)fst00901974</subfield>
      </datafield>
      <datafield tag="651" ind1=" " ind2="7">
         <subfield code="a">Arab countries</subfield>
         <subfield code="2">fast</subfield>
         <subfield code="0">(OCoLC)fst01240128</subfield>
      </datafield>
      <datafield tag="710" ind1="2" ind2=" ">
         <subfield code="a">Ittiḥād al-Iqtiṣādīyīn al-ʻArab.</subfield>
         <subfield code="b">Amānah al-ʻĀmmah.</subfield>
      </datafield>
      <datafield tag="830" ind1=" " ind2="0">
         <subfield code="a">Manshūrāt Ittiḥād al-Iqtiṣādīyīn al-ʻArab..</subfield>
      </datafield>
      <datafield tag="948" ind1="2" ind2=" ">
         <subfield code="a">20030702</subfield>
         <subfield code="b">x</subfield>
         <subfield code="d">batch</subfield>
         <subfield code="e">lts</subfield>
      </datafield>
      <datafield tag="948" ind1="3" ind2=" ">
         <subfield code="a">20030702</subfield>
         <subfield code="h">recon1</subfield>
         <subfield code="i">edx.mars.coo.ftp.v03m07.cc.bib</subfield>
      </datafield>
      <datafield tag="948" ind1="2" ind2=" ">
         <subfield code="a">20141227</subfield>
         <subfield code="b">m</subfield>
         <subfield code="d">batch</subfield>
         <subfield code="e">lts</subfield>
         <subfield code="x">addfast</subfield>
      </datafield>
      <datafield tag="903" ind1=" " ind2=" ">
         <subfield code="a">NYUACO</subfield>
         <subfield code="d">20150421</subfield>
         <subfield code="p">31924030017853</subfield>
      </datafield>
      <datafield tag="950" ind1=" " ind2=" ">
         <subfield code="a">HC498</subfield>
         <subfield code="b">.M99 1969</subfield>
         <subfield code="v"> </subfield>
      </datafield>
   </record>
</collection>
